<?xml version="1.0" encoding="UTF-8"?>
<record xmlns="http://www.loc.gov/MARC21/slim" xmlns:xsi="http://www.w3.org/2001/XMLSchema-instance" xsi:schemaLocation="http://www.loc.gov/MARC21/slim http://www.loc.gov/standards/marcxml/schema/MARC21slim.xsd">
<leader>00000cam a22      i 4500</leader>
<controlfield tag="001">001684511</controlfield>
<controlfield tag="003">NNU</controlfield>
<controlfield tag="005">20151016175831.0</controlfield>
<controlfield tag="008">930507s1933    le a     b    000 0 ara d</controlfield>
<datafield tag="035" ind1=" " ind2=" ">
<subfield code="a">(OCoLC)28060756</subfield>
</datafield>
<datafield tag="040" ind1=" " ind2=" ">
<subfield code="a">AZU</subfield>
<subfield code="b">eng</subfield>
<subfield code="c">AZU</subfield>
<subfield code="d">OCL</subfield>
<subfield code="d">OCLCG</subfield>
<subfield code="d">OCLCQ</subfield>
<subfield code="d">OCLCF</subfield>
<subfield code="d">OCLCO</subfield>
<subfield code="d">OCLCQ</subfield>
<subfield code="d">NNU</subfield>
</datafield>
<datafield tag="041" ind1="0" ind2=" ">
<subfield code="a">ger</subfield>
<subfield code="h">ara</subfield>
</datafield>
<datafield tag="050" ind1=" " ind2="4">
<subfield code="a">DS96</subfield>
<subfield code="b">.N612 1933</subfield>
</datafield>
<datafield tag="100" ind1="1" ind2=" ">
<subfield code="6">880-01</subfield>
<subfield code="a">Nöldeke, Theodor,</subfield>
<subfield code="d">1836-1930.</subfield>
</datafield>
<datafield tag="240" ind1="1" ind2="0">
<subfield code="a">Die Ghassänischen Fürsten aus dem Hause Gafna's.</subfield>
<subfield code="l">Arabic</subfield>
</datafield>
<datafield tag="245" ind1="1" ind2="0">
<subfield code="6">880-02</subfield>
<subfield code="a">ʼUmarāʼ Ghassān /</subfield>
<subfield code="c">li-Thīwadūr Nūldakah, wa-hiyá risālatuhu : ʼUmarāʼ Ghassān min al-Jafnah al-latī nasharathā Ikadimiyat al-ʻUlūm al-Brūsiyāniyah fī Barlīn ; naqalah ilá al- ʻArabīyah wa-aḍāf ilayhā taṣḥiḥat muʼallifahā al-Bandalī Jawzī wa-Qusṭanṭīn Zurayq.</subfield>
</datafield>
<datafield tag="260" ind1=" " ind2=" ">
<subfield code="6">880-03</subfield>
<subfield code="a">Bayrūt :</subfield>
<subfield code="b">al-Maṭbaʻah al-Kāthulīkiyah,</subfield>
<subfield code="c">1933.</subfield>
</datafield>
<datafield tag="300" ind1=" " ind2=" ">
<subfield code="a">12, 82 pages :</subfield>
<subfield code="b">illustrations ;</subfield>
<subfield code="c">27 cm.</subfield>
</datafield>
<datafield tag="336" ind1=" " ind2=" ">
<subfield code="a">text</subfield>
<subfield code="b">txt</subfield>
<subfield code="2">rdacontent</subfield>
</datafield>
<datafield tag="337" ind1=" " ind2=" ">
<subfield code="a">unmediated</subfield>
<subfield code="b">n</subfield>
<subfield code="2">rdamedia</subfield>
</datafield>
<datafield tag="338" ind1=" " ind2=" ">
<subfield code="a">volume</subfield>
<subfield code="b">nc</subfield>
<subfield code="2">rdacarrier</subfield>
</datafield>
<datafield tag="490" ind1="1" ind2=" ">
<subfield code="a">Publications of the Faculty of Arts and Sciences</subfield>
</datafield>
<datafield tag="500" ind1=" " ind2=" ">
<subfield code="a">Added t.p.: The Princess of Ghassān from the House of Gafna.</subfield>
</datafield>
<datafield tag="504" ind1=" " ind2=" ">
<subfield code="a">Includes bibliographical references.</subfield>
</datafield>
<datafield tag="650" ind1=" " ind2="0">
<subfield code="a">Ghassanids.</subfield>
</datafield>
<datafield tag="650" ind1=" " ind2="7">
<subfield code="a">Ghassanids.</subfield>
<subfield code="2">fast</subfield>
<subfield code="0">(OCoLC)fst00942333.</subfield>
</datafield>
<datafield tag="700" ind1="1" ind2=" ">
<subfield code="6">880-04</subfield>
<subfield code="a">Zurayq, Qusṭanṭīn,</subfield>
<subfield code="d">1909-</subfield>
</datafield>
<datafield tag="880" ind1="1" ind2=" ">
<subfield code="6">100-01/</subfield>
<subfield code="a">نولدكه، ثيودور.</subfield>
</datafield>
<datafield tag="880" ind1="1" ind2="0">
<subfield code="6">245-02/</subfield>
<subfield code="a">أمراء غسان /</subfield>
<subfield code="c">لثيودور نولدكه ؛ نقلها إلى العربية وأضاف إليها تصحيحات مؤلفهاالبندلي جوزي وقسطنطين زريق.</subfield>
</datafield>
<datafield tag="880" ind1=" " ind2=" ">
<subfield code="6">260-03/</subfield>
<subfield code="a">بيروت :</subfield>
<subfield code="b">المطبعة الكاثوليكية،</subfield>
<subfield code="c">1933.</subfield>
</datafield>
<datafield tag="880" ind1="1" ind2=" ">
<subfield code="6">700-04/</subfield>
<subfield code="a">زريق، قسطنطين،</subfield>
<subfield code="d">1909-</subfield>
</datafield>
<datafield tag="830" ind1=" " ind2="0">
<subfield code="a">Publications of the Faculty of Arts and Sciences.</subfield>
</datafield>
<datafield tag="OWN" ind1=" " ind2=" ">
<subfield code="a">GENERAL</subfield>
</datafield>
<datafield tag="AVA" ind1=" " ind2=" ">
<subfield code="a">NYU50</subfield>
<subfield code="b">BOBST</subfield>
<subfield code="c">Main Collection</subfield>
<subfield code="d">DS96 .N612</subfield>
<subfield code="e">unavailable</subfield>
<subfield code="t">Unavailable</subfield>
<subfield code="f">1</subfield>
<subfield code="g">1</subfield>
<subfield code="h">N</subfield>
<subfield code="i">2</subfield>
<subfield code="j">MAIN</subfield>
<subfield code="k">0</subfield>
</datafield>
</record>
